<?xml version="1.0" encoding="UTF-8"?>
<marc:record xmlns:marc="http://www.loc.gov/MARC21/slim" xmlns:xsi="http://www.w3.org/2001/XMLSchema-instance" xsi:schemaLocation="http://www.loc.gov/standards/marcxml/schema/MARC21slim.xsd">
  <marc:leader>00000ndm a2200000 u 4500</marc:leader>
  <marc:controlfield tag="001">1001039070</marc:controlfield>
  <marc:controlfield tag="003">DE-633</marc:controlfield>
  <marc:controlfield tag="005">20220411065256.0</marc:controlfield>
  <marc:controlfield tag="008">180519##################################</marc:controlfield>
  <marc:datafield tag="031" ind1=" " ind2=" ">
    <marc:subfield code="a">1</marc:subfield>
    <marc:subfield code="b">1</marc:subfield>
    <marc:subfield code="c">1</marc:subfield>
    <marc:subfield code="d">Sinfonia. All[egr]o</marc:subfield>
    <marc:subfield code="g">G-2</marc:subfield>
    <marc:subfield code="m">vl 1</marc:subfield>
    <marc:subfield code="n">xF</marc:subfield>
    <marc:subfield code="o">c</marc:subfield>
    <marc:subfield code="p">4''G^'D^B^,G-''F^'A^'D-/i/{6'B''C8D}4D{6'AB8''C}4C/{'8B''G}4Gq8G4F-/</marc:subfield>
    <marc:subfield code="r">G</marc:subfield>
    <marc:subfield code="2">pe</marc:subfield>
  </marc:datafield>
  <marc:datafield tag="031" ind1=" " ind2=" ">
    <marc:subfield code="a">1</marc:subfield>
    <marc:subfield code="b">2</marc:subfield>
    <marc:subfield code="c">1</marc:subfield>
    <marc:subfield code="d">Adagio</marc:subfield>
    <marc:subfield code="g">C-1</marc:subfield>
    <marc:subfield code="m">S</marc:subfield>
    <marc:subfield code="n">xF</marc:subfield>
    <marc:subfield code="o">c</marc:subfield>
    <marc:subfield code="p">4.'B8B4B-/2-4-n''F/2nF4E-/2-4-G/2G4F8'AB/</marc:subfield>
    <marc:subfield code="q">+</marc:subfield>
    <marc:subfield code="r">G</marc:subfield>
    <marc:subfield code="t">Kyrie eleison, Christe eleison, Christe audi nos</marc:subfield>
    <marc:subfield code="2">pe</marc:subfield>
  </marc:datafield>
  <marc:datafield tag="031" ind1=" " ind2=" ">
    <marc:subfield code="a">1</marc:subfield>
    <marc:subfield code="b">2</marc:subfield>
    <marc:subfield code="c">2</marc:subfield>
    <marc:subfield code="d">Adagio</marc:subfield>
    <marc:subfield code="g">G-2</marc:subfield>
    <marc:subfield code="m">vl 1</marc:subfield>
    <marc:subfield code="n">xF</marc:subfield>
    <marc:subfield code="o">c</marc:subfield>
    <marc:subfield code="p">4.''G^'D^B^,G8''G^'D^B^,G4''G^'D^B^,G-/2-4-''B/BB'''C-/2-4-xC/xCCD{''8FG}/</marc:subfield>
    <marc:subfield code="q">+</marc:subfield>
    <marc:subfield code="r">G</marc:subfield>
    <marc:subfield code="2">pe</marc:subfield>
  </marc:datafield>
  <marc:datafield tag="031" ind1=" " ind2=" ">
    <marc:subfield code="a">1</marc:subfield>
    <marc:subfield code="b">3</marc:subfield>
    <marc:subfield code="c">1</marc:subfield>
    <marc:subfield code="d">Andante</marc:subfield>
    <marc:subfield code="g">C-1</marc:subfield>
    <marc:subfield code="m">S</marc:subfield>
    <marc:subfield code="o">c</marc:subfield>
    <marc:subfield code="p">=15/8''CC3{C'B''DC}{EDFE}8G4G8F/E{6FD}{8'AB}4''C-/</marc:subfield>
    <marc:subfield code="r">C</marc:subfield>
    <marc:subfield code="t">Pater de caelis</marc:subfield>
    <marc:subfield code="2">pe</marc:subfield>
  </marc:datafield>
  <marc:datafield tag="031" ind1=" " ind2=" ">
    <marc:subfield code="a">1</marc:subfield>
    <marc:subfield code="b">3</marc:subfield>
    <marc:subfield code="c">2</marc:subfield>
    <marc:subfield code="d">Andan[te]</marc:subfield>
    <marc:subfield code="g">G-2</marc:subfield>
    <marc:subfield code="m">vl 1</marc:subfield>
    <marc:subfield code="o">c</marc:subfield>
    <marc:subfield code="p">8{''CC}+3{C'B''DC}{EDFE}8G4G8F/{6.Et3DE}6{FD}8{'AB}8qB4''C-/</marc:subfield>
    <marc:subfield code="r">C</marc:subfield>
    <marc:subfield code="2">pe</marc:subfield>
  </marc:datafield>
  <marc:datafield tag="031" ind1=" " ind2=" ">
    <marc:subfield code="a">1</marc:subfield>
    <marc:subfield code="b">4</marc:subfield>
    <marc:subfield code="c">1</marc:subfield>
    <marc:subfield code="d">All[egr]o</marc:subfield>
    <marc:subfield code="g">C-1</marc:subfield>
    <marc:subfield code="m">S</marc:subfield>
    <marc:subfield code="n">xF</marc:subfield>
    <marc:subfield code="o">3/4</marc:subfield>
    <marc:subfield code="p">4''GGG/GF-/8CC4CC/8CC4'B-/''DD8DnF/</marc:subfield>
    <marc:subfield code="r">G</marc:subfield>
    <marc:subfield code="t">Sancta Maria Dei genitrix</marc:subfield>
    <marc:subfield code="2">pe</marc:subfield>
  </marc:datafield>
  <marc:datafield tag="031" ind1=" " ind2=" ">
    <marc:subfield code="a">1</marc:subfield>
    <marc:subfield code="b">4</marc:subfield>
    <marc:subfield code="c">2</marc:subfield>
    <marc:subfield code="d">All[egr]o</marc:subfield>
    <marc:subfield code="g">G-2</marc:subfield>
    <marc:subfield code="m">vl 1</marc:subfield>
    <marc:subfield code="n">xF</marc:subfield>
    <marc:subfield code="o">3/4</marc:subfield>
    <marc:subfield code="p">8{''G'GGGG''G}/4Gt8{FDFA}/{'''C''CCCCC}/4Ct6{'BGAB}{''CDEF}/</marc:subfield>
    <marc:subfield code="r">G</marc:subfield>
    <marc:subfield code="2">pe</marc:subfield>
  </marc:datafield>
  <marc:datafield tag="031" ind1=" " ind2=" ">
    <marc:subfield code="a">1</marc:subfield>
    <marc:subfield code="b">5</marc:subfield>
    <marc:subfield code="c">1</marc:subfield>
    <marc:subfield code="d">All[egr]o</marc:subfield>
    <marc:subfield code="g">C-4</marc:subfield>
    <marc:subfield code="m">T</marc:subfield>
    <marc:subfield code="n">xFC</marc:subfield>
    <marc:subfield code="o">2/4</marc:subfield>
    <marc:subfield code="p">=30/4A6{GF}{ED}/8qD8.C6C4D/{8.,B3'CD}8,AG/GF4-/</marc:subfield>
    <marc:subfield code="r">D</marc:subfield>
    <marc:subfield code="t">Mater amabilis</marc:subfield>
    <marc:subfield code="2">pe</marc:subfield>
  </marc:datafield>
  <marc:datafield tag="031" ind1=" " ind2=" ">
    <marc:subfield code="a">1</marc:subfield>
    <marc:subfield code="b">5</marc:subfield>
    <marc:subfield code="c">2</marc:subfield>
    <marc:subfield code="d">All[egr]o</marc:subfield>
    <marc:subfield code="g">G-2</marc:subfield>
    <marc:subfield code="m">vl 1</marc:subfield>
    <marc:subfield code="n">xFC</marc:subfield>
    <marc:subfield code="o">2/4</marc:subfield>
    <marc:subfield code="p">4''A{6GFED}/8qD4C8qC4D/{8.'B3''CD}{8'AG}/{GtF}4-/8.{''F6'xA}8qA4B/</marc:subfield>
    <marc:subfield code="r">D</marc:subfield>
    <marc:subfield code="2">pe</marc:subfield>
  </marc:datafield>
  <marc:datafield tag="031" ind1=" " ind2=" ">
    <marc:subfield code="a">1</marc:subfield>
    <marc:subfield code="b">6</marc:subfield>
    <marc:subfield code="c">1</marc:subfield>
    <marc:subfield code="d">Adagio</marc:subfield>
    <marc:subfield code="g">C-1</marc:subfield>
    <marc:subfield code="m">S</marc:subfield>
    <marc:subfield code="n">xF</marc:subfield>
    <marc:subfield code="o">c</marc:subfield>
    <marc:subfield code="p">8.'B6''C4D8.E6F8GE/qD4.C8C'B''DDD/2D8EEEE/2E4F8CC/</marc:subfield>
    <marc:subfield code="r">G</marc:subfield>
    <marc:subfield code="t">Speculum iustitiae</marc:subfield>
    <marc:subfield code="2">pe</marc:subfield>
  </marc:datafield>
  <marc:datafield tag="031" ind1=" " ind2=" ">
    <marc:subfield code="a">1</marc:subfield>
    <marc:subfield code="b">6</marc:subfield>
    <marc:subfield code="c">2</marc:subfield>
    <marc:subfield code="d">Adagio</marc:subfield>
    <marc:subfield code="g">G-2</marc:subfield>
    <marc:subfield code="m">vl 1</marc:subfield>
    <marc:subfield code="n">xF</marc:subfield>
    <marc:subfield code="o">c</marc:subfield>
    <marc:subfield code="p">8.{'B6''C}8qC4D8.{E6F}{8GE}/8qD4.C8C{6'B8GB''D6nF+}/{6FEDC}{'BAGF}{E8A''xCE6G}/</marc:subfield>
    <marc:subfield code="r">G</marc:subfield>
    <marc:subfield code="2">pe</marc:subfield>
  </marc:datafield>
  <marc:datafield tag="031" ind1=" " ind2=" ">
    <marc:subfield code="a">1</marc:subfield>
    <marc:subfield code="b">7</marc:subfield>
    <marc:subfield code="c">1</marc:subfield>
    <marc:subfield code="d">Andante</marc:subfield>
    <marc:subfield code="g">C-1</marc:subfield>
    <marc:subfield code="m">S</marc:subfield>
    <marc:subfield code="n">xF</marc:subfield>
    <marc:subfield code="o">3/4</marc:subfield>
    <marc:subfield code="p">=31/4''E2E/8FxD2'B/4''EG{8G6FE}/8{(xDC'B)}4B-/</marc:subfield>
    <marc:subfield code="r">e</marc:subfield>
    <marc:subfield code="t">Rosa mystica</marc:subfield>
    <marc:subfield code="2">pe</marc:subfield>
  </marc:datafield>
  <marc:datafield tag="031" ind1=" " ind2=" ">
    <marc:subfield code="a">1</marc:subfield>
    <marc:subfield code="b">7</marc:subfield>
    <marc:subfield code="c">2</marc:subfield>
    <marc:subfield code="d">Andante</marc:subfield>
    <marc:subfield code="g">G-2</marc:subfield>
    <marc:subfield code="m">vl 1</marc:subfield>
    <marc:subfield code="n">xF</marc:subfield>
    <marc:subfield code="o">3/4</marc:subfield>
    <marc:subfield code="p">8{(''EGB)}{EE}4E/8{('B''xDF)}{'BB}4B/8{(''EGB)}{EE}{G6FE}/8{(xDC'B}4B-/</marc:subfield>
    <marc:subfield code="r">e</marc:subfield>
    <marc:subfield code="2">pe</marc:subfield>
  </marc:datafield>
  <marc:datafield tag="031" ind1=" " ind2=" ">
    <marc:subfield code="a">1</marc:subfield>
    <marc:subfield code="b">8</marc:subfield>
    <marc:subfield code="c">1</marc:subfield>
    <marc:subfield code="d">Adagio</marc:subfield>
    <marc:subfield code="g">C-1</marc:subfield>
    <marc:subfield code="m">S</marc:subfield>
    <marc:subfield code="n">bBE</marc:subfield>
    <marc:subfield code="o">c</marc:subfield>
    <marc:subfield code="p">4''DD8GxC4C/2D-/-8EE{DC}/'B''DC'B4BtA/</marc:subfield>
    <marc:subfield code="r">g</marc:subfield>
    <marc:subfield code="t">Salus infirmorum</marc:subfield>
    <marc:subfield code="2">pe</marc:subfield>
  </marc:datafield>
  <marc:datafield tag="031" ind1=" " ind2=" ">
    <marc:subfield code="a">1</marc:subfield>
    <marc:subfield code="b">8</marc:subfield>
    <marc:subfield code="c">2</marc:subfield>
    <marc:subfield code="d">Adagio</marc:subfield>
    <marc:subfield code="g">G-2</marc:subfield>
    <marc:subfield code="m">vl 1</marc:subfield>
    <marc:subfield code="n">bBE</marc:subfield>
    <marc:subfield code="o">c</marc:subfield>
    <marc:subfield code="p">8{''DDDD}{GxCCC}/2D-/-8{EEDC}/{'B''DC'B}4Bt8qB4A/</marc:subfield>
    <marc:subfield code="r">g</marc:subfield>
    <marc:subfield code="2">pe</marc:subfield>
  </marc:datafield>
  <marc:datafield tag="031" ind1=" " ind2=" ">
    <marc:subfield code="a">1</marc:subfield>
    <marc:subfield code="b">9</marc:subfield>
    <marc:subfield code="c">1</marc:subfield>
    <marc:subfield code="d">All[egr]o</marc:subfield>
    <marc:subfield code="g">F-4</marc:subfield>
    <marc:subfield code="m">B</marc:subfield>
    <marc:subfield code="n">xF</marc:subfield>
    <marc:subfield code="o">3/8</marc:subfield>
    <marc:subfield code="p">=34/4.,G/B/'D/,B/{8GD}C/{6,,BA}8G-/{,DFA}/</marc:subfield>
    <marc:subfield code="r">G</marc:subfield>
    <marc:subfield code="t">Regina angelorum</marc:subfield>
    <marc:subfield code="2">pe</marc:subfield>
  </marc:datafield>
  <marc:datafield tag="031" ind1=" " ind2=" ">
    <marc:subfield code="a">1</marc:subfield>
    <marc:subfield code="b">9</marc:subfield>
    <marc:subfield code="c">2</marc:subfield>
    <marc:subfield code="d">All[egr]o</marc:subfield>
    <marc:subfield code="g">G-2</marc:subfield>
    <marc:subfield code="m">vl 1</marc:subfield>
    <marc:subfield code="n">xF</marc:subfield>
    <marc:subfield code="o">3/8</marc:subfield>
    <marc:subfield code="p">4.'G/B/''D/'B/{8GDC}/{6{,BA8G}8-/{6''DFFAA'''C}/{C''D}4Dt/</marc:subfield>
    <marc:subfield code="r">G</marc:subfield>
    <marc:subfield code="2">pe</marc:subfield>
  </marc:datafield>
  <marc:datafield tag="031" ind1=" " ind2=" ">
    <marc:subfield code="a">1</marc:subfield>
    <marc:subfield code="b">10</marc:subfield>
    <marc:subfield code="c">1</marc:subfield>
    <marc:subfield code="d">All[egr]o</marc:subfield>
    <marc:subfield code="g">C-1</marc:subfield>
    <marc:subfield code="m">S</marc:subfield>
    <marc:subfield code="o">c</marc:subfield>
    <marc:subfield code="p">4.''C8'G{A6''FD}8qC4'B/8qB''C-2-/=1/4.C8'G{A6''FD}8qC4'B/</marc:subfield>
    <marc:subfield code="r">C</marc:subfield>
    <marc:subfield code="t">Agnus Dei, qui tollis peccata mundi miserere nobis</marc:subfield>
    <marc:subfield code="2">pe</marc:subfield>
  </marc:datafield>
  <marc:datafield tag="031" ind1=" " ind2=" ">
    <marc:subfield code="a">1</marc:subfield>
    <marc:subfield code="b">10</marc:subfield>
    <marc:subfield code="c">2</marc:subfield>
    <marc:subfield code="d">Adagio</marc:subfield>
    <marc:subfield code="g">G-2</marc:subfield>
    <marc:subfield code="m">vl 1</marc:subfield>
    <marc:subfield code="o">c</marc:subfield>
    <marc:subfield code="p">8{'GGGG}{AABB}/{6''C'EFG}-{''CDE}-{'DEF}-{B''CD}/{C'GGA}{ABB''D}{C'GAF}8{ED}/</marc:subfield>
    <marc:subfield code="r">C</marc:subfield>
    <marc:subfield code="2">pe</marc:subfield>
  </marc:datafield>
  <marc:datafield tag="040" ind1=" " ind2=" ">
    <marc:subfield code="a">DE-633</marc:subfield>
    <marc:subfield code="b">eng</marc:subfield>
  </marc:datafield>
  <marc:datafield tag="041" ind1="0" ind2=" ">
    <marc:subfield code="a">lat</marc:subfield>
  </marc:datafield>
  <marc:datafield tag="100" ind1="1" ind2=" ">
    <marc:subfield code="a">Anonymus</marc:subfield>
    <marc:subfield code="0">pe30004985</marc:subfield>
  </marc:datafield>
  <marc:datafield tag="240" ind1="1" ind2="0">
    <marc:subfield code="a">Litanies</marc:subfield>
    <marc:subfield code="r">G</marc:subfield>
    <marc:subfield code="0">3900164</marc:subfield>
  </marc:datafield>
  <marc:datafield tag="245" ind1="1" ind2="0">
    <marc:subfield code="a">[caption title:] Litaniae</marc:subfield>
  </marc:datafield>
  <marc:datafield tag="260" ind1=" " ind2=" ">
    <marc:subfield code="c">1773-1830</marc:subfield>
    <marc:subfield code="8">01</marc:subfield>
  </marc:datafield>
  <marc:datafield tag="300" ind1=" " ind2=" ">
    <marc:subfield code="a">9 parts</marc:subfield>
    <marc:subfield code="c">37,5 x 23 cm</marc:subfield>
    <marc:subfield code="8">01</marc:subfield>
  </marc:datafield>
  <marc:datafield tag="500" ind1=" " ind2=" ">
    <marc:subfield code="a">other parts missing</marc:subfield>
    <marc:subfield code="8">01</marc:subfield>
  </marc:datafield>
  <marc:datafield tag="500" ind1=" " ind2=" ">
    <marc:subfield code="a">Only T part written by Copyist A.</marc:subfield>
    <marc:subfield code="8">01</marc:subfield>
  </marc:datafield>
  <marc:datafield tag="500" ind1=" " ind2=" ">
    <marc:subfield code="a">Inscription "Laus Deo" at the end of each part apart from S.</marc:subfield>
  </marc:datafield>
  <marc:datafield tag="590" ind1=" " ind2=" ">
    <marc:subfield code="a">S, T, B</marc:subfield>
    <marc:subfield code="b">2, 2, 2 f.</marc:subfield>
    <marc:subfield code="8">01</marc:subfield>
  </marc:datafield>
  <marc:datafield tag="590" ind1=" " ind2=" ">
    <marc:subfield code="a">vl 1, 2</marc:subfield>
    <marc:subfield code="b">3, 3 f.</marc:subfield>
    <marc:subfield code="8">01</marc:subfield>
  </marc:datafield>
  <marc:datafield tag="590" ind1=" " ind2=" ">
    <marc:subfield code="a">ob 1</marc:subfield>
    <marc:subfield code="b">2 f.</marc:subfield>
    <marc:subfield code="8">01</marc:subfield>
  </marc:datafield>
  <marc:datafield tag="590" ind1=" " ind2=" ">
    <marc:subfield code="a">cor in G 1, 2</marc:subfield>
    <marc:subfield code="b">1, 1 f.</marc:subfield>
    <marc:subfield code="8">01</marc:subfield>
  </marc:datafield>
  <marc:datafield tag="590" ind1=" " ind2=" ">
    <marc:subfield code="a">b (= bc)</marc:subfield>
    <marc:subfield code="b">3 f.</marc:subfield>
    <marc:subfield code="8">01</marc:subfield>
  </marc:datafield>
  <marc:datafield tag="593" ind1=" " ind2=" ">
    <marc:subfield code="a">Manuscript copy</marc:subfield>
    <marc:subfield code="8">01</marc:subfield>
  </marc:datafield>
  <marc:datafield tag="594" ind1=" " ind2=" ">
    <marc:subfield code="b">no indication</marc:subfield>
  </marc:datafield>
  <marc:datafield tag="594" ind1=" " ind2=" ">
    <marc:subfield code="a">no indication</marc:subfield>
  </marc:datafield>
  <marc:datafield tag="599" ind1=" " ind2=" ">
    <marc:subfield code="b">full</marc:subfield>
  </marc:datafield>
  <marc:datafield tag="650" ind1="0" ind2="7">
    <marc:subfield code="a">Litanies</marc:subfield>
    <marc:subfield code="0">25137</marc:subfield>
  </marc:datafield>
  <marc:datafield tag="691" ind1=" " ind2="7">
    <marc:subfield code="a">ŚwierczekK 1965</marc:subfield>
    <marc:subfield code="n">p. 265</marc:subfield>
    <marc:subfield code="0">lit1891</marc:subfield>
  </marc:datafield>
  <marc:datafield tag="700" ind1="1" ind2=" ">
    <marc:subfield code="a">Copyist H from Sandomierz</marc:subfield>
    <marc:subfield code="d">18.sc</marc:subfield>
    <marc:subfield code="j">Ascertained</marc:subfield>
    <marc:subfield code="0">pe50046408</marc:subfield>
    <marc:subfield code="4">scr</marc:subfield>
  </marc:datafield>
  <marc:datafield tag="700" ind1="1" ind2=" ">
    <marc:subfield code="a">Copyist A from Sandomierz</marc:subfield>
    <marc:subfield code="d">18/19</marc:subfield>
    <marc:subfield code="j">Ascertained</marc:subfield>
    <marc:subfield code="0">pe41011643</marc:subfield>
    <marc:subfield code="4">scr</marc:subfield>
  </marc:datafield>
  <marc:datafield tag="852" ind1=" " ind2=" ">
    <marc:subfield code="a">PL-SA</marc:subfield>
    <marc:subfield code="e">Biblioteka Diecezjalna w Sandomierzu</marc:subfield>
    <marc:subfield code="x">ks30003584</marc:subfield>
    <marc:subfield code="c">231/A VI 35</marc:subfield>
    <marc:subfield code="p"/>
    <marc:subfield code="q"/>
    <marc:subfield code="u"/>
    <marc:subfield code="z"/>
  </marc:datafield>
  <marc:datafield tag="980" ind1=" " ind2=" ">
    <marc:subfield code="a">RISM</marc:subfield>
    <marc:subfield code="c">examined</marc:subfield>
  </marc:datafield>
</marc:record>
